@article{lin17,
	author = {Lin, Henry W. and Tegmark, Max and Rolnick, David},
	doi = {10.1007/s10955-017-1836-5},
	issn = {1572-9613},
	journal = {Journal of Statistical Physics},
	localfile = {/home/nikolas/Documents/Papers/lin - why does deep and cheap learning work so well.pdf},
	month = {Jul},
	number = {6},
	pages = {1223--1247},
	publisher = {Springer Science and Business Media LLC},
	title = {Why Does Deep and Cheap Learning Work So Well?},
	url = {http://dx.doi.org/10.1007/s10955-017-1836-5},
	volume = {168},
	year = {2017}
}

@misc{owhadi20,
	archiveprefix = {arXiv},
	author = {Owhadi, Houman},
	eprint = {2008.03920},
	localfile = {/home/nikolas/Documents/Papers/owhadi - do ideas have shape? patos theory of forms as the continuous limit of anns.pdf},
	primaryclass = {stat.ML},
	title = {Do ideas have shape? Plato's theory of forms as the continuous limit of artificial neural networks},
	year = {2020}
}

@inproceedings{allassonniere05,
	author = {Allassonni{\`e}re, S. and Trouv{\'e}, A. and Younes, L.},
	booktitle = {EMMCVPR},
	localfile = {/home/nikolas/Documents/Papers/allassonniere - geodesic shooting and diffeomorphic matching via textured meshes.pdf},
	title = {Geodesic Shooting and Diffeomorphic Matching Via Textured Meshes},
	year = {2005}
}

